<?xml version="1.0" encoding="UTF-8"?><record xmlns="http://www.loc.gov/MARC21/slim" xmlns:cinclude="http://apache.org/cocoon/include/1.0" xmlns:zs="http://www.loc.gov/zing/srw/">
  <leader>00980nz  a2200193n  4500</leader>
  <controlfield tag="001">no2007109195</controlfield>
  <controlfield tag="003">DLC</controlfield>
  <controlfield tag="005">20070919075246.0</controlfield>
  <controlfield tag="008">070917n| acannaabn          |a aaa     c</controlfield>
  <datafield tag="010" ind1=" " ind2=" ">
    <subfield code="a">no2007109195</subfield>
  </datafield>
  <datafield tag="035" ind1=" " ind2=" ">
    <subfield code="a">(OCoLC)oca07524734</subfield>
  </datafield>
  <datafield tag="040" ind1=" " ind2=" ">
    <subfield code="a">NNPM</subfield>
    <subfield code="b">eng</subfield>
    <subfield code="c">NNPM</subfield>
  </datafield>
  <datafield tag="100" ind1="1" ind2=" ">
    <subfield code="a">Sogliani, Giovanni Antonio,</subfield>
    <subfield code="d">1492-1544</subfield>
  </datafield>
  <datafield tag="400" ind1="1" ind2=" ">
    <subfield code="a">Sogliani, Giovannantonio di Francesco,</subfield>
    <subfield code="d">1492-1544</subfield>
  </datafield>
  <datafield tag="400" ind1="1" ind2=" ">
    <subfield code="a">Sogliari, Giovanni Antonio,</subfield>
    <subfield code="d">1492-1544</subfield>
  </datafield>
  <datafield tag="400" ind1="1" ind2=" ">
    <subfield code="a">Sogliari, Giovannantonio di Francesco,</subfield>
    <subfield code="d">1492-1544</subfield>
  </datafield>
  <datafield tag="670" ind1=" " ind2=" ">
    <subfield code="a">Grove art online, Sept. 17, 2007</subfield>
    <subfield code="b">(Sogliani, Giovanni Antonio; b. Florence, 1492; d. Florence, July 1544; Italian painter)</subfield>
  </datafield>
  <datafield tag="670" ind1=" " ind2=" ">
    <subfield code="a">Allgemeines Künstlerlexikon, Bio-bibl. Index, 2000</subfield>
    <subfield code="b">(Sogliani, Giovanni Antonio; Sogliani, Giovanni Antonio di Francesco; Sogliani, Giovannantonio di Francesco; b. Florence, 1492; d. Florence, July 1544)</subfield>
  </datafield>
  <datafield tag="670" ind1=" " ind2=" ">
    <subfield code="a">Bénézit, 2006</subfield>
    <subfield code="b">(Sogliari, Giovanni Antonio, or Giovannantonio di Francesco; b. Florence 1492; d. Florence 1544)</subfield>
  </datafield>
</record>